@ARTICLE{1955ApJ...121..161S,
   author = {{Salpeter}, E.~E.},
    title = "{The Luminosity Function and Stellar Evolution.}",
  journal = {\apj},
     year = 1955,
    month = jan,
   volume = 121,
    pages = {161},
      doi = {10.1086/145971},
   adsurl = {http://adsabs.harvard.edu/abs/1955ApJ...121..161S},
  adsnote = {Provided by the SAO/NASA Astrophysics Data System}
}

@ARTICLE{2000MNRAS.315..543H,
   author = {{Hurley}, J.~R. and {Pols}, O.~R. and {Tout}, C.~A.},
    title = "{Comprehensive analytic formulae for stellar evolution as a function of mass and metallicity}",
  journal = {\mnras},
   eprint = {astro-ph/0001295},
 keywords = {METHODS: ANALYTICAL, STARS: EVOLUTION, STARS: FUNDAMENTAL PARAMETERS, STARS: MASS-LOSS, STARS: POPULATION II, GALAXIES: STELLAR CONTENT},
     year = 2000,
    month = jul,
   volume = 315,
    pages = {543-569},
      doi = {10.1046/j.1365-8711.2000.03426.x},
   adsurl = {http://adsabs.harvard.edu/abs/2000MNRAS.315..543H},
  adsnote = {Provided by the SAO/NASA Astrophysics Data System}
}

@ARTICLE{1996MNRAS.281..257T,
   author = {{Tout}, C.~A. and {Pols}, O.~R. and {Eggleton}, P.~P. and {Han}, Z.
	},
    title = "{Zero-age main-seqence radii and luminosities as analytic functions of mass and metallicity}",
  journal = {\mnras},
 keywords = {STARS: FUNDAMENTAL PARAMETERS, HERTZSPRUNG-RUSSELL (HR) DIAGRAM},
     year = 1996,
    month = jul,
   volume = 281,
    pages = {257-262},
   adsurl = {http://adsabs.harvard.edu/abs/1996MNRAS.281..257T},
  adsnote = {Provided by the SAO/NASA Astrophysics Data System}
}

@ARTICLE{2005AJ....130..659A,
   author = {{Am{\^o}res}, E.~B. and {L{\'e}pine}, J.~R.~D.},
    title = "{Models for Interstellar Extinction in the Galaxy}",
  journal = {\aj},
 keywords = {ISM: Dust, Extinction, Galaxy: Structure, ISM: Clouds, ISM: Structure, Stars: Distances},
     year = 2005,
    month = aug,
   volume = 130,
    pages = {659-673},
      doi = {10.1086/430957},
   adsurl = {http://adsabs.harvard.edu/abs/2005AJ....130..659A},
  adsnote = {Provided by the SAO/NASA Astrophysics Data System}
}


@ARTICLE{2014A&A...570L..13C,
   author = {{Castro}, N. and {Fossati}, L. and {Langer}, N. and {Sim{\'o}n-D{\'{\i}}az}, S. and 
	{Schneider}, F.~R.~N. and {Izzard}, R.~G.},
    title = "{The spectroscopic Hertzsprung-Russell diagram of Galactic massive stars}",
  journal = {\aap},
archivePrefix = "arXiv",
   eprint = {1410.3499},
 primaryClass = "astro-ph.SR",
 keywords = {stars: evolution, Hertzsprung-Russell and C-M diagrams, stars: massive},
     year = 2014,
    month = oct,
   volume = 570,
      eid = {L13},
    pages = {L13},
      doi = {10.1051/0004-6361/201425028},
   adsurl = {http://adsabs.harvard.edu/abs/2014A%26A...570L..13C},
  adsnote = {Provided by the SAO/NASA Astrophysics Data System}
}

@ARTICLE{1998SSRv...85..161G,
   author = {{Grevesse}, N. and {Sauval}, A.~J.},
    title = "{Standard Solar Composition}",
  journal = {\ssr},
 keywords = {Sun: abundances, Meteorites: abundances, Solar spectroscopy},
     year = 1998,
    month = may,
   volume = 85,
    pages = {161-174},
      doi = {10.1023/A:1005161325181},
   adsurl = {http://adsabs.harvard.edu/abs/1998SSRv...85..161G},
  adsnote = {Provided by the SAO/NASA Astrophysics Data System}
}

@ARTICLE{1996ApJ...469..355F,
   author = {{Flower}, P.~J.},
    title = "{Transformations from Theoretical Hertzsprung-Russell Diagrams to Color-Magnitude Diagrams: Effective Temperatures, B-V Colors, and Bolometric Corrections}",
  journal = {\apj},
 keywords = {STARS: ATMOSPHERES, STARS: EARLY-TYPE, STARS: FUNDAMENTAL PARAMETERS, STARS: LATE-TYPE, STARS: SUPERGIANTS, STARS: HERTZSPRUNG-RUSSELL DIAGRAM},
     year = 1996,
    month = sep,
   volume = 469,
    pages = {355},
      doi = {10.1086/177785},
   adsurl = {http://adsabs.harvard.edu/abs/1996ApJ...469..355F},
  adsnote = {Provided by the SAO/NASA Astrophysics Data System}
}

@ARTICLE{2011yCat..35309115B,
   author = {{Brott}, I. and {de Mink}, S.~E. and {Cantiello}, M. and {Langer}, N. and 
	{de Koter}, A. and {Evans}, C.~J. and {Hunter}, I. and {Trundle}, C. and 
	{Vink}, J.~S.},
    title = "{VizieR Online Data Catalog: Rotating massive MS stars evolutionary models (Brott+, 2011)}",
  journal = {VizieR Online Data Catalog},
 keywords = {Models: evolutionary, Isochrones, Stars: dwarfs, Rotational velocities, Abundances},
     year = 2011,
    month = apr,
   volume = 353,
    pages = {9115},
   adsurl = {http://adsabs.harvard.edu/abs/2011yCat..35309115B},
  adsnote = {Provided by the SAO/NASA Astrophysics Data System}
}

@ARTICLE{2012A&A...537A.146E,
   author = {{Ekstr{\"o}m}, S. and {Georgy}, C. and {Eggenberger}, P. and 
	{Meynet}, G. and {Mowlavi}, N. and {Wyttenbach}, A. and {Granada}, A. and 
	{Decressin}, T. and {Hirschi}, R. and {Frischknecht}, U. and 
	{Charbonnel}, C. and {Maeder}, A.},
    title = "{Grids of stellar models with rotation. I. Models from 0.8 to 120 M$_{&sun;}$ at solar metallicity (Z = 0.014)}",
  journal = {\aap},
archivePrefix = "arXiv",
   eprint = {1110.5049},
 primaryClass = "astro-ph.SR",
 keywords = {stars: general, stars: evolution, stars: massive, stars: low-mass, stars: rotation},
     year = 2012,
    month = jan,
   volume = 537,
      eid = {A146},
    pages = {A146},
      doi = {10.1051/0004-6361/201117751},
   adsurl = {http://adsabs.harvard.edu/abs/2012A%26A...537A.146E},
  adsnote = {Provided by the SAO/NASA Astrophysics Data System}
}

